@techreport{tor-tr-2012-10-001,
	author = {Karsten Loesing},
	title = {Counting daily bridge users},
	institution = {{The Tor Project}},
	number = {2012-10-001},
	year = 2012,
	month = oct,
	url = {https://research.torproject.org/techreports/counting-daily-bridge-users-2012-10-24.pdf},
}

@inproceedings{Fifield2012a,
	author = {David Fifield and Nate Hardison and Jonathan Ellithorpe and Emily Stark and Roger Dingledine and Phil Porras and Dan Boneh},
	booktitle = {Privacy Enhancing Technologies Symposium},
	publisher = {Springer},
	title = {Evading Censorship with Browser-Based Proxies},
	year = {2012},
	url = {https://crypto.stanford.edu/flashproxy/flashproxy.pdf},
}

@inproceedings{Tschantz2016a,
	author = {Michael Carl Tschantz and Sadia Afroz and Anonymous and Vern Paxson},
	title = {{SoK}: Towards Grounding Censorship Circumvention in Empiricism},
	booktitle = {Symposium on Security \& Privacy},
	publisher = {IEEE},
	year = {2016},
	url = {https://internet-freedom-science.org/circumvention-survey/},
}

@inproceedings{Fifield2020a,
	author = {David Fifield},
	title = {{Turbo Tunnel}, a good way to design censorship circumvention protocols},
	booktitle = {Free and Open Communications on the Internet},
	publisher = {USENIX},
	year = {2020},
	url = {https://www.bamsoftware.com/papers/turbotunnel/},
}

@inproceedings{Nasr2020a,
	author = {Milad Nasr and Hadi Zolfaghari and Amir Houmansadr and Amirhossein Ghafari},
	title = {{MassBrowser}: Unblocking the Censored Web for the Masses, by the Masses},
	booktitle = {Network and Distributed System Security},
	publisher = {The Internet Society},
	year = {2020},
	url = {https://www.ndss-symposium.org/ndss-paper/massbrowser-unblocking-the-censored-web-for-the-masses-by-the-masses/},
}

@article{arxiv.1605.08805,
	author = {David Fifield and Gil Epner, Mia},
	title = {Fingerprintability of {WebRTC}},
	journal = {CoRR},
	volume = {abs/1605.08805},
	year = {2016},
	url = {https://arxiv.org/abs/1605.08805},
}

@article{arxiv.2008.03254,
	author = {Kyle MacMillan and Jordan Holland and Prateek Mittal},
	title = {Evaluating {Snowflake} as an Indistinguishable Censorship Circumvention Tool},
	journal = {CoRR},
	volume = {abs/2008.03254},
	year = 2020,
	url = {https://arxiv.org/abs/2008.03254},
}

@misc{ooni-2021-russia-blocks-tor,
	title = {{Russia} started blocking {Tor}},
	author = {Maria Xynou and Arturo Filast√≤},
	year = 2021,
	month = dec,
	url = {https://ooni.org/post/2021-russia-blocks-tor/},
}
